<record xmlns="http://www.loc.gov/MARC21/slim" xmlns:xsi="http://www.w3.org/2001/XMLSchema-instance" xsi:schemaLocation="http://www.loc.gov/MARC21/slim http://www.loc.gov/standards/marcxml/schema/MARC21slim.xsd"><leader>01971nam a2200373   4500</leader><controlfield tag="001">001700956</controlfield><controlfield tag="003">NNU</controlfield><controlfield tag="006">m        d        </controlfield><controlfield tag="007">cr cn |||m|||a</controlfield><controlfield tag="008">150110s1954    ae      o     000 1 ara d</controlfield><datafield ind1=" " ind2=" " tag="040"><subfield code="a">NNU</subfield><subfield code="b">eng</subfield><subfield code="e">rda</subfield><subfield code="c">NNU</subfield></datafield><datafield ind1=" " ind2="4" tag="050"><subfield code="a">PJ7712.J8</subfield><subfield code="b">P4 1954</subfield></datafield><datafield ind1="0" ind2="0" tag="245"><subfield code="6">880-01</subfield><subfield code="a">Qis&#803;s&#803;at Ju&#772;d'har al-s&#803;ayya&#772;d wa-al-kharaj al-mars&#803;u&#772;d :</subfield><subfield code="b">qis&#803;s&#803;at muqtabasah min Alf laylah wa-laylah /</subfield><subfield code="c">a&#699;tina&#769; bi-nashriha&#772; wa-tah&#803;as&#803;s&#803;us&#803;iha&#772; Hinri&#772; Piri&#772;s.</subfield></datafield><datafield ind1="1" ind2="5" tag="246"><subfield code="a">Histoire de Djou&#770;dhar le pecheur et du sac enchante&#769;</subfield></datafield><datafield ind1=" " ind2=" " tag="250"><subfield code="6">880-02</subfield><subfield code="a">al-T&#803;ab&#699;ah 5.</subfield></datafield><datafield ind1=" " ind2=" " tag="260"><subfield code="6">880-03</subfield><subfield code="a">Al-Jaza&#772;&#700;ir :</subfield><subfield code="b">J. Ku&#772;rbu&#772;nil,</subfield><subfield code="c">1954.</subfield></datafield><datafield ind1=" " ind2=" " tag="300"><subfield code="a">online resource (64, 46 pages)</subfield></datafield><datafield ind1=" " ind2=" " tag="336"><subfield code="a">text</subfield><subfield code="2">rdacontent</subfield></datafield><datafield ind1=" " ind2=" " tag="337"><subfield code="a">computer</subfield><subfield code="2">rdamedia</subfield></datafield><datafield ind1=" " ind2=" " tag="338"><subfield code="a">online resource</subfield><subfield code="2">rdacarrier</subfield></datafield><datafield ind1=" " ind2=" " tag="500"><subfield code="a">"Glossaire": p. 5-46 (2d group).</subfield></datafield><datafield ind1=" " ind2=" " tag="500"><subfield code="a">Added t.p.: Histoire de Djou&#770;dhar le pecheur et du sac enchante&#769; : conte extrait de Milles [sic] et une nuits : texte e&#769;tabli d'apre&#768;s quatre e&#769;ditions accompagne&#769; de variantes et suivi d'un glossaire.</subfield></datafield><datafield ind1=" " ind2=" " tag="500"><subfield code="a">Part of the Arabic Collections Online (ACO) project, contributed by New York Univeristy Libraries.</subfield></datafield><datafield ind1=" " ind2=" " tag="533"><subfield code="a">Electronic reproduction.</subfield><subfield code="b">New York, N.Y. :</subfield><subfield code="c">New York University,</subfield><subfield code="d">2015.</subfield><subfield code="5">NNU</subfield></datafield><datafield ind1="1" ind2=" " tag="700"><subfield code="a">P&#233;r&#232;s, Henri.</subfield></datafield><datafield ind1="2" ind2=" " tag="710"><subfield code="a">New York University.</subfield><subfield code="b">Libraries.</subfield></datafield><datafield ind1="0" ind2=" " tag="730"><subfield code="a">Arabic Collections Online.</subfield></datafield><datafield ind1="0" ind2="8" tag="776"><subfield code="i">Print version:</subfield><subfield code="t">Qis&#803;s&#803;at Ju&#772;d'har al-s&#803;ayya&#772;d wa-al-kharaj al-mars&#803;u&#772;d</subfield><subfield code="w">(NNU)001700956</subfield></datafield><datafield ind1="4" ind2="0" tag="856"><subfield code="u">http://hdl.handle.net/2333.1/zcrjdhj7</subfield></datafield><datafield ind1="0" ind2="0" tag="880"><subfield code="6">245-01/</subfield><subfield code="a">&#1602;&#1589;&#1577; &#1580;&#1608;&#1584;&#1585; &#1575;&#1604;&#1589;&#1610;&#1575;&#1583; &#1608;&#1575;&#1604;&#1582;&#1585;&#1580; &#1575;&#1604;&#1605;&#1585;&#1589;&#1608;&#1583; :</subfield><subfield code="b">&#1602;&#1589;&#1577; &#1605;&#1602;&#1578;&#1576;&#1587;&#1577; &#1605;&#1606; &#1575;&#1604;&#1601; &#1604;&#1610;&#1604;&#1577; &#1608;&#1604;&#1610;&#1604;&#1577; /</subfield><subfield code="c">&#1575;&#1593;&#1578;&#1606;&#1609; &#1576;&#1606;&#1588;&#1585;&#1607;&#1575; &#1608;&#1578;&#1589;&#1581;&#1610;&#1581;&#1607;&#1575; &#1607;&#1606;&#1585;&#1610; &#1659;&#1610;&#1585;&#1610;&#1587;.</subfield></datafield><datafield ind1=" " ind2=" " tag="880"><subfield code="6">250-02/</subfield><subfield code="a">&#1575;&#1604;&#1591;&#1576;&#1593;&#1577; 5.</subfield></datafield><datafield ind1=" " ind2=" " tag="880"><subfield code="6">260-03/</subfield><subfield code="a">&#1575;&#1604;&#1581;&#1586;&#1575;&#1574;&#1585;:</subfield><subfield code="b">&#1580;&#1608;&#1604; &#1603;&#1585;&#1576;&#1608;&#1606;&#1604;&#1548;</subfield><subfield code="c">1954.</subfield></datafield><datafield ind1=" " ind2=" " tag="959"><subfield code="a">NNU</subfield><subfield code="b">WEB</subfield><subfield code="c">GENI</subfield><subfield code="t">0</subfield><subfield code="m">Electronic access</subfield><subfield code="s">01</subfield></datafield><datafield ind1=" " ind2=" " tag="999"><subfield code="i">NNU_001700956</subfield><subfield code="o" /><subfield code="e">(ERROR-880)</subfield></datafield></record>